@book{abu2012learning,
  title={Learning from data},
  author={Abu-Mostafa, Yaser S and Magdon-Ismail, Malik and Lin, Hsuan-Tien},
  volume={4},
  year={2012},
  publisher={AMLBook Singapore}
}

